@article{initialReq,
    author    = "Neil Taylor, Nigel Hardy",
    title     = "Go!Aber Requirements Specification",
    journal   = "SEM5640 Group Project",
    year      = "2015",
}

@misc{ fitbit,
       author = "Fitbit",
       title = "Developer API",
       howpublished = "\url{http://dev.fitbit.com/uk/},
       year = "2015",
       note = "[Online; accessed 20-October-2015]"
       }

@misc{ jawbone,
       author = "Jawbone",
       title = "Jawbone UP API",
       howpublished = "\url{http://jawbone.com/up/developer},
       year = "2015",
       note = "[Online; accessed 20-October-2015]"
       }

@misc{ bootstrap,
       author = "Twitter",
       title = "Get Bootstrap",
       howpublished = "\url{http://getbootstrap.com/},
       year = "2015",
       note = "[Online; accessed 21-October-2015]"
       }
       @misc{scrum,
           author = {Schwaber, Ken and Sutherland, Jeff},
           citeulike-article-id = {13879248},
           keywords = {mmp-group},
           posted-at = {2015-12-10 03:10:11},
           priority = {2},
           title = {{The Scrum Guide}},
           year = {2001}
       }

       @electronic{git-flow,
           author = {Driessen, Vincent},
           citeulike-article-id = {13879247},
           howpublished = {http://nvie.com/posts/a-successful-git-branching-model/},
           keywords = {mmp-group},
           month = jan,
           posted-at = {2015-12-10 03:08:53},
           priority = {2},
           title = {{A successful Git branching model}},
           year = {2010}
       }

       @electronic{vso,
           author = {Blankenship, Ed},
           citeulike-article-id = {13879246},
           howpublished = {https://msdn.microsoft.com/en-us/magazine/dn519923.aspx},
           keywords = {mmp-group},
           month = jan,
           posted-at = {2015-12-10 03:07:22},
           priority = {2},
           publisher = {MSDN Magazine, Microsoft},
           title = {{Visual Studio 2013 : Introducing Visual Studio Online}},
           year = {2014}
       }

       @electronic{martin-fowler,
           author = {Fowler, Martin},
           citeulike-article-id = {13879245},
           howpublished = {http://martinfowler.com/articles/designDead.html},
           keywords = {mmp-group},
           month = may,
           posted-at = {2015-12-10 03:03:54},
           priority = {2},
           title = {{Is Design Dead?}},
           year = {2004}
       }

       @electronic{bbc-it,
    citeulike-article-id = {13879251},
    howpublished = {http://www.bbc.co.uk/news/uk-politics-24130684},
    institution = {BBC},
    author = {News, BBC},
    keywords = {mmp-group},
    month = sep,
    organization = {BBC},
    posted-at = {2015-12-10 03:15:21},
    priority = {2},
    publisher = {BBC News},
    title = {{NHS IT system one of 'worst fiascos ever', say MPs}},
    year = {2013}
}
